@misc{titling,
  title={titling - Control over the typesetting of the \string\textbackslash maketitle{}  command},
  url={https://ctan.org/pkg/titling?lang=en},
  journal={Comprehensive TeX Archive Network},
  author={Robertson, Will},
  year={2009}
}

@misc{wiki:hk,
	author = "{Wikipedia contributors}",
	title = "Hong Kong --- {Wikipedia}{,} The Free Encyclopedia",
	year = "2020",
	url = "https://en.wikipedia.org/w/index.php?title=Hong_Kong&oldid=973921826",
}
